%% This BibTeX bibliography file was created using BibDesk.
%% https://bibdesk.sourceforge.io/

%% Created for woiza at 2019-11-17 17:58:24 +0100 


%% Saved with string encoding Unicode (UTF-8) 



@book{raschka,
	Author = {Sebastian Raschka},
	Date-Added = {2019-11-17 17:33:45 +0100},
	Date-Modified = {2019-11-17 17:58:18 +0100},
	Edition = {1},
	Keywords = {book},
	Publisher = {Packt Publishing},
	Title = {Python Machine Learning},
	Year = {2015}}
